<record><leader>00000cas a22000007a 4500</leader><controlfield tag="001">14247616</controlfield><controlfield tag="008">860922c19uu9999txudr ne      0   a0eng c</controlfield><datafield ind1=" " ind2=" " tag="010"><subfield code="a">sn 86090521 </subfield></datafield><datafield ind1=" " ind2=" " tag="040"><subfield code="a">PPM</subfield><subfield code="b">eng</subfield><subfield code="c">PPM</subfield><subfield code="d">NSD</subfield><subfield code="d">OCLCQ</subfield></datafield><datafield ind1=" " ind2=" " tag="012"><subfield code="m">1</subfield></datafield><datafield ind1="1" ind2=" " tag="022"><subfield code="a">1086-9409</subfield><subfield code="l">1086-9409</subfield><subfield code="2">1</subfield></datafield><datafield ind1=" " ind2=" " tag="032"><subfield code="a">068040</subfield><subfield code="b">USPS</subfield></datafield><datafield ind1=" " ind2=" " tag="042"><subfield code="a">nsdp</subfield><subfield code="a">pcc</subfield></datafield><datafield ind1=" " ind2="0" tag="222"><subfield code="a">Brownwood bulletin</subfield></datafield><datafield ind1="0" ind2="0" tag="245"><subfield code="a">Brownwood bulletin.</subfield></datafield><datafield ind1=" " ind2=" " tag="260"><subfield code="a">Brownwood, Tex. :</subfield><subfield code="b">H.F. Mayes</subfield></datafield><datafield ind1=" " ind2=" " tag="300"><subfield code="a">v. :</subfield><subfield code="b">ill. ;</subfield><subfield code="c">57 cm.</subfield></datafield><datafield ind1=" " ind2=" " tag="310"><subfield code="a">Daily (except Sun.)</subfield></datafield><datafield ind1=" " ind2=" " tag="588"><subfield code="a">Description based on: Vol. 29, no. 162 (Apr. 23, 1929).</subfield></datafield><datafield ind1=" " ind2=" " tag="588"><subfield code="a">Latest issue consulted: Vol. 96, no. 66 (Dec. 28, 1995).</subfield></datafield><datafield ind1=" " ind2=" " tag="752"><subfield code="a">United States</subfield><subfield code="b">Texas</subfield><subfield code="c">Brown</subfield><subfield code="d">Brownwood.</subfield></datafield><datafield ind1="0" ind2="0" tag="780"><subfield code="t">Daily bulletin (Brownwood, Tex.)</subfield><subfield code="w">(DLC)sn 86088143</subfield></datafield><datafield ind1="0" ind2="5" tag="780"><subfield code="t">Brownwood banner</subfield><subfield code="w">(DLC)sn 86088090</subfield></datafield></record>